%% This BibTeX bibliography file was created using BibDesk.
%% http://bibdesk.sourceforge.net/


@article{trailnet,
	Archiveprefix = {arXiv},
	Author = {Nikolai Smolyanskiy and Alexey Kamenev and Jeffrey Smith and Stan Birchfield},
	Title = {Toward Low-Flying Autonomous MAV Trail Navigation using Deep Neural Networks for Environmental Awareness},
	Url = {https://arxiv.org/pdf/1705.02550.pdf},
	Year = {2017}
	}
